<collection xmlns="http://www.loc.gov/MARC21/slim">
<record>
  <leader>01753nam0a22003011i 450 </leader>
  <controlfield tag="001">IT\ICCU\CNCE\070326</controlfield>
  <controlfield tag="005">20130329000000.0</controlfield>
  <datafield tag="012" ind1=" " ind2=" ">
    <subfield code="a">o,,&amp; ela. a-ta tocu (3) 1583 (R)</subfield>
    <subfield code="2">fei</subfield>
  </datafield>
  <datafield tag="100" ind1=" " ind2=" ">
    <subfield code="a">20070420d1583        0itac0103    ba</subfield>
  </datafield>
  <datafield tag="101" ind1=" " ind2=" ">
    <subfield code="a">LAT</subfield>
  </datafield>
  <datafield tag="102" ind1=" " ind2=" ">
    <subfield code="a">IT</subfield>
  </datafield>
  <datafield tag="200" ind1="1" ind2=" ">
    <subfield code="a">℗Aloysii Sompani Sidicini et presbyteri Sergii Sarmenti Salani ℗Totius fere rei grammaticae epitomae, ex optimis quibusque Latinae linguae authoribus decerptae noua quadam, ac mirabili docendi ratione in lucem prodeunt Caesaris Benenati industria multo, quam ante correctiores, &amp; locupletiores. Praeter Sidicini vitam, ac dialogum de periodis, earumque ... partibus addidimus huic nouae editioni ..., Caesare Benenato authore</subfield>
  </datafield>
  <datafield tag="210" ind1=" " ind2=" ">
    <subfield code="a">Venetiis</subfield>
    <subfield code="c">apud heredes Melchioris Sessae</subfield>
    <subfield code="d">1583</subfield>
  </datafield>
  <datafield tag="215" ind1=" " ind2=" ">
    <subfield code="a">104 c.</subfield>
    <subfield code="d">8ʻ</subfield>
  </datafield>
  <datafield tag="620" ind1=" " ind2=" ">
    <subfield code="a">IT</subfield>
    <subfield code="d">Venezia</subfield>
  </datafield>
  <datafield tag="700" ind1=" " ind2="1">
    <subfield code="a">Sompano,</subfield>
    <subfield code="b">Luigi Antonio</subfield>
    <subfield code="3">IT\ICCU\CNCA\007341</subfield>
  </datafield>
  <datafield tag="702" ind1=" " ind2="1">
    <subfield code="a">Sarmiento,</subfield>
    <subfield code="b">Sergio</subfield>
    <subfield code="3">IT\ICCU\CNCA\007386</subfield>
  </datafield>
  <datafield tag="702" ind1=" " ind2="1">
    <subfield code="a">Benenato,</subfield>
    <subfield code="b">Cesare</subfield>
    <subfield code="3">IT\ICCU\CNCA\001601</subfield>
  </datafield>
  <datafield tag="712" ind1="0" ind2="0">
    <subfield code="a">Sessa, Melchiorre</subfield>
    <subfield code="c"> &lt;1.&gt; - eredi</subfield>
    <subfield code="3">IT\ICCU\CNCT\000242</subfield>
    <subfield code="4">650</subfield>
  </datafield>
  <datafield tag="790" ind1=" " ind2="1">
    <subfield code="a">Sidicinus,</subfield>
    <subfield code="b">Aloysius Antonius</subfield>
    <subfield code="3">IT\ICCU\CNCA\024114</subfield>
    <subfield code="z">Sompano, Luigi Antonio</subfield>
  </datafield>
  <datafield tag="790" ind1=" " ind2="1">
    <subfield code="a">Sompanus,</subfield>
    <subfield code="b">Aloisius Antonius</subfield>
    <subfield code="3">IT\ICCU\CNCA\024115</subfield>
    <subfield code="z">Sompano, Luigi Antonio</subfield>
  </datafield>
  <datafield tag="790" ind1=" " ind2="1">
    <subfield code="a">Sarmento,</subfield>
    <subfield code="b">Sergio</subfield>
    <subfield code="3">IT\ICCU\CNCA\023853</subfield>
    <subfield code="z">Sarmiento, Sergio</subfield>
  </datafield>
  <datafield tag="790" ind1=" " ind2="1">
    <subfield code="a">Sarmentus,</subfield>
    <subfield code="b">Sergius</subfield>
    <subfield code="3">IT\ICCU\CNCA\023854</subfield>
    <subfield code="z">Sarmiento, Sergio</subfield>
  </datafield>
  <datafield tag="790" ind1=" " ind2="0">
    <subfield code="a">Sergius</subfield>
    <subfield code="c"> : Salanus</subfield>
    <subfield code="3">IT\ICCU\CNCA\023855</subfield>
    <subfield code="z">Sarmiento, Sergio</subfield>
  </datafield>
  <datafield tag="790" ind1=" " ind2="1">
    <subfield code="a">Sarmenzio,</subfield>
    <subfield code="b">Sergio</subfield>
    <subfield code="3">IT\ICCU\CNCA\023879</subfield>
    <subfield code="z">Sarmiento, Sergio</subfield>
  </datafield>
  <datafield tag="801" ind1=" " ind2="3">
    <subfield code="a">IT</subfield>
    <subfield code="b">ICCU</subfield>
    <subfield code="c">20201115</subfield>
  </datafield>
  <datafield tag="899" ind1=" " ind2=" ">
    <subfield code="a">Biblioteca civica Romolo Spezioli. Fermo</subfield>
    <subfield code="1">AP0012</subfield>
    <subfield code="2">UMC FM</subfield>
  </datafield>
  <datafield tag="899" ind1=" " ind2=" ">
    <subfield code="a">Biblioteca don Giovanni Verit ̉del Comune e dell&apos;Accademia degli Incamminati. Modigliana</subfield>
    <subfield code="1">FC0038</subfield>
    <subfield code="2">RAV MD</subfield>
  </datafield>
</record>
</collection>
